@misc{microsoft:vectors,
  author = {{Microsoft}},
  title = "Vecteurs dans Recherche",
  year = "2024",
  url = "https://learn.microsoft.com/fr-fr/azure/search/vector-search-overview",
}

@misc{pinecone:mpnet,
  author = {{Pinecone}},
  title = "All-Mpnet-Base-V2",
  year = "2024",
  url = "https://www.pinecone.io/models/ll-mpnet-base-v2/",
}

@misc{medium:cleanarch,
  author = {{Edin Å ahbaz}},
  title = "Getting Started with Clean Architecture in .NET Core",
  year = "2023",
  url = "https://medium.com/@edin.sahbaz/getting-started-with-clean-architecture-in-net-core-fa9151bc5918",
}

@misc{microsoft:vs,
  author = {{Microsoft}},
  title = "Visual Studio",
  year = "2024",
  url = "https://visualstudio.microsoft.com/",
}

@misc{microsoft:vsc,
  author = {{Microsoft}},
  title = "Visual Studio Code",
  year = "2024",
  url = "https://code.visualstudio.com/",
}

@misc{meta:react,
  author = {{Meta}},
  title = "React",
  year = "2024",
  url = "https://react.dev/",
}

@misc{elastic:elasticsearch,
  author = {{Elastic}},
  title = "Elasticsearch",
  year = "2024",
  url = "https://www.elastic.co/",
}

@misc{post:postman,
  author = {{Postman}},
  title = "What is Postman?",
  year = "2024",
  url = "https://www.postman.com/product/what-is-postman/",
}

@misc{dock:docker,
  author = {{Docker}},
  title = "Docker Overview",
  year = "2024",
  url = "https://docs.docker.com/get-started/overview/",
}

@misc{microsoft:csharp,
  author = {{Microsoft}},
  title = "A tour of the C\# language",
  year = "2024",
  url = "https://learn.microsoft.com/en-us/dotnet/csharp/tour-of-csharp/",
}

@misc{microsoft:netcore,
  author = {{Microsoft}},
  title = "What is ASP .NET Core?",
  year = "2024",
  url = "https://dotnet.microsoft.com/en-us/learn/aspnet/what-is-aspnet-core",
}

@misc{elastic:hardwarespecifications,
  author = {{Elastic}},
  title = "ECE Hardware Prereq",
  year = "2024",
  url = "https://www.elastic.co/guide/en/cloud-enterprise/current/ece-hardware-prereq.html",
}

@misc{openclassrooms:mvc,
  author = {{Openclassrooms}},
  title = "Adoptez une architecture MVC",
  year = "2022",
  url = "https://openclassrooms.com/fr/courses/4670706-adoptez-une-architecture-mvc-en-php",
}

@misc{pytorch:nograd,
  author = {{Pytorch}},
  title = "no\_grad",
  year = "2023",
  url = "https://pytorch.org/docs/stable/generated/torch.no_grad.html",
}
@misc{elastic:knnsearch,
  author = {{Elastic}},
  title = "knn-search",
  year = "2024",
  url = "https://www.elastic.co/guide/en/elasticsearch/reference/current/knn-search.html",
}

@misc{lucidcharts:classdiagram,
  author = {{Lucidcharts}},
  title = "Diagramme de classes",
  year = "2024",
  url = "https://www.lucidchart.com/pages/fr/diagramme-de-classes-uml",
}

@misc{techtarget:finetuning,
  author = {{TechTarget}},
  title = "What is fine-tuning in machine learning and AI?",
  year = "2024",
  url = "https://www.techtarget.com/searchenterpriseai/definition/fine-tuning",
}